%# -*- coding: utf-8-unix -*-

@article{ishimurakosei,
	title={An autonomous distributed control of free-floating variable geometry trusses},
	author={Ishimura, Kosei and Natori, MC and Higuchi, Ken},
	journal={JSME International Journal-Series C-Mechanical Systems Machine Elements and Manufact},
	volume={46},
	number={2},
	pages={631--639},
	year={2003},
	publisher={Tokyo, Japan: Japan Society of Mechanical Engineers, c1997-}
}

